@inproceedings{ludusan:hal-01026368,
  TITLE = {{Bridging the gap between speech technology and natural language processing: an evaluation toolbox for term discovery systems}},
  AUTHOR = {Ludusan, Bogdan and Versteegh, M. and Jansen, Aren and Gravier, Guillaume and Cao, Xuan-Nga and Johnson, Mark and Dupoux, Emmanuel},
  URL = {https://hal.inria.fr/hal-01026368},
  BOOKTITLE = {{Language Resources and Evaluation Conference}},
  ADDRESS = {Reykyavik, Iceland},
  YEAR = {2014},
  MONTH = May,
  KEYWORDS = {evaluation ; spoken term discovery ; word segmentation},
  PDF = {https://hal.inria.fr/hal-01026368/file/320_Paper.pdf},
  HAL_ID = {hal-01026368},
  HAL_VERSION = {v1},
}


@inproceedings{Panayotov2015,
title = {LibriSpeech: an ASR corpus based on public domain audio books},
author = {Vassil Panayotov and Guoguo Chen and Daniel Povey and Sanjeev Khudanpur},
url = {http://www.danielpovey.com/files/2015_icassp_librispeech.pdf},
year = {2015},
date = {2015-04-19},
booktitle = {ICASSP 2015},
keywords = {},
pubstate = {published},
tppubtype = {inproceedings}
}